%YAML 1.1
%TAG !u! tag:unity3d.com,2011:
--- !u!1 &100000
GameObject:
  m_ObjectHideFlags: 0
  m_PrefabParentObject: {fileID: 0}
  m_PrefabInternal: {fileID: 100100000}
  serializedVersion: 4
  m_Component:
  - 4: {fileID: 400000}
  m_Layer: 0
  m_Name: NecromancerRForearmIKTarget
  m_TagString: Untagged
  m_Icon: {fileID: 0}
  m_NavMeshLayer: 0
  m_StaticEditorFlags: 0
  m_IsActive: 1
--- !u!1 &100002
GameObject:
  m_ObjectHideFlags: 0
  m_PrefabParentObject: {fileID: 0}
  m_PrefabInternal: {fileID: 100100000}
  serializedVersion: 4
  m_Component:
  - 4: {fileID: 400002}
  m_Layer: 0
  m_Name: NecromancerLForearmIKTarget
  m_TagString: Untagged
  m_Icon: {fileID: 0}
  m_NavMeshLayer: 0
  m_StaticEditorFlags: 0
  m_IsActive: 1
--- !u!1 &100004
GameObject:
  m_ObjectHideFlags: 0
  m_PrefabParentObject: {fileID: 0}
  m_PrefabInternal: {fileID: 100100000}
  serializedVersion: 4
  m_Component:
  - 4: {fileID: 400004}
  - 137: {fileID: 13700000}
  m_Layer: 0
  m_Name: ClothAddons
  m_TagString: Untagged
  m_Icon: {fileID: 0}
  m_NavMeshLayer: 0
  m_StaticEditorFlags: 0
  m_IsActive: 1
--- !u!1 &100006
GameObject:
  m_ObjectHideFlags: 1
  m_PrefabParentObject: {fileID: 0}
  m_PrefabInternal: {fileID: 100100000}
  serializedVersion: 4
  m_Component:
  - 4: {fileID: 400006}
  m_Layer: 0
  m_Name: NecromancerLThumb02
  m_TagString: Untagged
  m_Icon: {fileID: 0}
  m_NavMeshLayer: 0
  m_StaticEditorFlags: 0
  m_IsActive: 1
--- !u!1 &100008
GameObject:
  m_ObjectHideFlags: 1
  m_PrefabParentObject: {fileID: 0}
  m_PrefabInternal: {fileID: 100100000}
  serializedVersion: 4
  m_Component:
  - 4: {fileID: 400008}
  m_Layer: 0
  m_Name: NecromancerRThumb02
  m_TagString: Untagged
  m_Icon: {fileID: 0}
  m_NavMeshLayer: 0
  m_StaticEditorFlags: 0
  m_IsActive: 1
--- !u!1 &100010
GameObject:
  m_ObjectHideFlags: 1
  m_PrefabParentObject: {fileID: 0}
  m_PrefabInternal: {fileID: 100100000}
  serializedVersion: 4
  m_Component:
  - 4: {fileID: 400010}
  - 33: {fileID: 3300000}
  - 23: {fileID: 2300000}
  m_Layer: 0
  m_Name: Scythe
  m_TagString: Untagged
  m_Icon: {fileID: 0}
  m_NavMeshLayer: 0
  m_StaticEditorFlags: 0
  m_IsActive: 1
--- !u!1 &100012
GameObject:
  m_ObjectHideFlags: 0
  m_PrefabParentObject: {fileID: 0}
  m_PrefabInternal: {fileID: 100100000}
  serializedVersion: 4
  m_Component:
  - 4: {fileID: 400012}
  - 137: {fileID: 13700002}
  m_Layer: 0
  m_Name: Legs
  m_TagString: Untagged
  m_Icon: {fileID: 0}
  m_NavMeshLayer: 0
  m_StaticEditorFlags: 0
  m_IsActive: 1
--- !u!1 &100014
GameObject:
  m_ObjectHideFlags: 1
  m_PrefabParentObject: {fileID: 0}
  m_PrefabInternal: {fileID: 100100000}
  serializedVersion: 4
  m_Component:
  - 4: {fileID: 400014}
  - 65: {fileID: 6500000}
  m_Layer: 0
  m_Name: NecromancerScapula
  m_TagString: Untagged
  m_Icon: {fileID: 0}
  m_NavMeshLayer: 0
  m_StaticEditorFlags: 0
  m_IsActive: 1
--- !u!1 &100016
GameObject:
  m_ObjectHideFlags: 1
  m_PrefabParentObject: {fileID: 0}
  m_PrefabInternal: {fileID: 100100000}
  serializedVersion: 4
  m_Component:
  - 4: {fileID: 400016}
  m_Layer: 0
  m_Name: NecromancerSpine
  m_TagString: Untagged
  m_Icon: {fileID: 0}
  m_NavMeshLayer: 0
  m_StaticEditorFlags: 0
  m_IsActive: 1
--- !u!1 &100018
GameObject:
  m_ObjectHideFlags: 1
  m_PrefabParentObject: {fileID: 0}
  m_PrefabInternal: {fileID: 100100000}
  serializedVersion: 4
  m_Component:
  - 4: {fileID: 400018}
  m_Layer: 0
  m_Name: NecromancerRFinger01
  m_TagString: Untagged
  m_Icon: {fileID: 0}
  m_NavMeshLayer: 0
  m_StaticEditorFlags: 0
  m_IsActive: 1
--- !u!1 &100020
GameObject:
  m_ObjectHideFlags: 1
  m_PrefabParentObject: {fileID: 0}
  m_PrefabInternal: {fileID: 100100000}
  serializedVersion: 4
  m_Component:
  - 4: {fileID: 400020}
  m_Layer: 0
  m_Name: NecromancerRForearm2
  m_TagString: Untagged
  m_Icon: {fileID: 0}
  m_NavMeshLayer: 0
  m_StaticEditorFlags: 0
  m_IsActive: 1
--- !u!1 &100022
GameObject:
  m_ObjectHideFlags: 1
  m_PrefabParentObject: {fileID: 0}
  m_PrefabInternal: {fileID: 100100000}
  serializedVersion: 4
  m_Component:
  - 4: {fileID: 400022}
  - 65: {fileID: 6500002}
  - 136: {fileID: 13600000}
  m_Layer: 0
  m_Name: NecromancerRLeg2
  m_TagString: Untagged
  m_Icon: {fileID: 0}
  m_NavMeshLayer: 0
  m_StaticEditorFlags: 0
  m_IsActive: 1
--- !u!1 &100024
GameObject:
  m_ObjectHideFlags: 1
  m_PrefabParentObject: {fileID: 0}
  m_PrefabInternal: {fileID: 100100000}
  serializedVersion: 4
  m_Component:
  - 4: {fileID: 400024}
  m_Layer: 0
  m_Name: NecromancerSpineLowChest
  m_TagString: Untagged
  m_Icon: {fileID: 0}
  m_NavMeshLayer: 0
  m_StaticEditorFlags: 0
  m_IsActive: 1
--- !u!1 &100026
GameObject:
  m_ObjectHideFlags: 1
  m_PrefabParentObject: {fileID: 0}
  m_PrefabInternal: {fileID: 100100000}
  serializedVersion: 4
  m_Component:
  - 4: {fileID: 400026}
  m_Layer: 0
  m_Name: NecromancerLFinger02
  m_TagString: Untagged
  m_Icon: {fileID: 0}
  m_NavMeshLayer: 0
  m_StaticEditorFlags: 0
  m_IsActive: 1
--- !u!1 &100028
GameObject:
  m_ObjectHideFlags: 1
  m_PrefabParentObject: {fileID: 0}
  m_PrefabInternal: {fileID: 100100000}
  serializedVersion: 4
  m_Component:
  - 4: {fileID: 400028}
  m_Layer: 0
  m_Name: NecromancerHead
  m_TagString: Untagged
  m_Icon: {fileID: 0}
  m_NavMeshLayer: 0
  m_StaticEditorFlags: 0
  m_IsActive: 1
--- !u!1 &100030
GameObject:
  m_ObjectHideFlags: 1
  m_PrefabParentObject: {fileID: 0}
  m_PrefabInternal: {fileID: 100100000}
  serializedVersion: 4
  m_Component:
  - 4: {fileID: 400030}
  - 65: {fileID: 6500004}
  m_Layer: 0
  m_Name: NecromancerSpineUpChest
  m_TagString: Untagged
  m_Icon: {fileID: 0}
  m_NavMeshLayer: 0
  m_StaticEditorFlags: 0
  m_IsActive: 1
--- !u!1 &100032
GameObject:
  m_ObjectHideFlags: 1
  m_PrefabParentObject: {fileID: 0}
  m_PrefabInternal: {fileID: 100100000}
  serializedVersion: 4
  m_Component:
  - 4: {fileID: 400032}
  - 65: {fileID: 6500006}
  - 136: {fileID: 13600002}
  m_Layer: 0
  m_Name: NecromancerLLeg1
  m_TagString: Untagged
  m_Icon: {fileID: 0}
  m_NavMeshLayer: 0
  m_StaticEditorFlags: 0
  m_IsActive: 1
--- !u!1 &100034
GameObject:
  m_ObjectHideFlags: 1
  m_PrefabParentObject: {fileID: 0}
  m_PrefabInternal: {fileID: 100100000}
  serializedVersion: 4
  m_Component:
  - 4: {fileID: 400034}
  m_Layer: 0
  m_Name: NecromancerSpineTorax
  m_TagString: Untagged
  m_Icon: {fileID: 0}
  m_NavMeshLayer: 0
  m_StaticEditorFlags: 0
  m_IsActive: 1
--- !u!1 &100036
GameObject:
  m_ObjectHideFlags: 1
  m_PrefabParentObject: {fileID: 0}
  m_PrefabInternal: {fileID: 100100000}
  serializedVersion: 4
  m_Component:
  - 4: {fileID: 400036}
  m_Layer: 0
  m_Name: NecromancerRForearmCollarbone
  m_TagString: Untagged
  m_Icon: {fileID: 0}
  m_NavMeshLayer: 0
  m_StaticEditorFlags: 0
  m_IsActive: 1
--- !u!1 &100038
GameObject:
  m_ObjectHideFlags: 1
  m_PrefabParentObject: {fileID: 0}
  m_PrefabInternal: {fileID: 100100000}
  serializedVersion: 4
  m_Component:
  - 4: {fileID: 400038}
  - 65: {fileID: 6500008}
  - 136: {fileID: 13600004}
  m_Layer: 0
  m_Name: NecromancerLLeg2
  m_TagString: Untagged
  m_Icon: {fileID: 0}
  m_NavMeshLayer: 0
  m_StaticEditorFlags: 0
  m_IsActive: 1
--- !u!1 &100040
GameObject:
  m_ObjectHideFlags: 1
  m_PrefabParentObject: {fileID: 0}
  m_PrefabInternal: {fileID: 100100000}
  serializedVersion: 4
  m_Component:
  - 4: {fileID: 400040}
  - 65: {fileID: 6500010}
  - 136: {fileID: 13600006}
  m_Layer: 0
  m_Name: NecromancerRLeg1
  m_TagString: Untagged
  m_Icon: {fileID: 0}
  m_NavMeshLayer: 0
  m_StaticEditorFlags: 0
  m_IsActive: 1
--- !u!1 &100042
GameObject:
  m_ObjectHideFlags: 1
  m_PrefabParentObject: {fileID: 0}
  m_PrefabInternal: {fileID: 100100000}
  serializedVersion: 4
  m_Component:
  - 4: {fileID: 400042}
  m_Layer: 0
  m_Name: NecromancerRThumb01
  m_TagString: Untagged
  m_Icon: {fileID: 0}
  m_NavMeshLayer: 0
  m_StaticEditorFlags: 0
  m_IsActive: 1
--- !u!1 &100044
GameObject:
  m_ObjectHideFlags: 0
  m_PrefabParentObject: {fileID: 0}
  m_PrefabInternal: {fileID: 100100000}
  serializedVersion: 4
  m_Component:
  - 4: {fileID: 400044}
  - 137: {fileID: 13700004}
  m_Layer: 0
  m_Name: ClothSkirt
  m_TagString: Untagged
  m_Icon: {fileID: 0}
  m_NavMeshLayer: 0
  m_StaticEditorFlags: 0
  m_IsActive: 1
--- !u!1 &100046
GameObject:
  m_ObjectHideFlags: 0
  m_PrefabParentObject: {fileID: 0}
  m_PrefabInternal: {fileID: 100100000}
  serializedVersion: 4
  m_Component:
  - 4: {fileID: 400046}
  - 137: {fileID: 13700006}
  - 163: {fileID: 16300000}
  m_Layer: 0
  m_Name: SkinnedSkirt
  m_TagString: Untagged
  m_Icon: {fileID: 0}
  m_NavMeshLayer: 0
  m_StaticEditorFlags: 0
  m_IsActive: 1
--- !u!1 &100048
GameObject:
  m_ObjectHideFlags: 0
  m_PrefabParentObject: {fileID: 0}
  m_PrefabInternal: {fileID: 100100000}
  serializedVersion: 4
  m_Component:
  - 4: {fileID: 400048}
  m_Layer: 0
  m_Name: NecromancerLLegPlatform
  m_TagString: Untagged
  m_Icon: {fileID: 0}
  m_NavMeshLayer: 0
  m_StaticEditorFlags: 0
  m_IsActive: 1
--- !u!1 &100050
GameObject:
  m_ObjectHideFlags: 1
  m_PrefabParentObject: {fileID: 0}
  m_PrefabInternal: {fileID: 100100000}
  serializedVersion: 4
  m_Component:
  - 4: {fileID: 400050}
  m_Layer: 0
  m_Name: NecromancerLThumb01
  m_TagString: Untagged
  m_Icon: {fileID: 0}
  m_NavMeshLayer: 0
  m_StaticEditorFlags: 0
  m_IsActive: 1
--- !u!1 &100052
GameObject:
  m_ObjectHideFlags: 0
  m_PrefabParentObject: {fileID: 0}
  m_PrefabInternal: {fileID: 100100000}
  serializedVersion: 4
  m_Component:
  - 4: {fileID: 400052}
  m_Layer: 0
  m_Name: Necromancer
  m_TagString: Untagged
  m_Icon: {fileID: 0}
  m_NavMeshLayer: 0
  m_StaticEditorFlags: 0
  m_IsActive: 1
--- !u!1 &100054
GameObject:
  m_ObjectHideFlags: 1
  m_PrefabParentObject: {fileID: 0}
  m_PrefabInternal: {fileID: 100100000}
  serializedVersion: 4
  m_Component:
  - 4: {fileID: 400054}
  m_Layer: 0
  m_Name: NecromancerSpineCrotch
  m_TagString: Untagged
  m_Icon: {fileID: 0}
  m_NavMeshLayer: 0
  m_StaticEditorFlags: 0
  m_IsActive: 1
--- !u!1 &100056
GameObject:
  m_ObjectHideFlags: 1
  m_PrefabParentObject: {fileID: 0}
  m_PrefabInternal: {fileID: 100100000}
  serializedVersion: 4
  m_Component:
  - 4: {fileID: 400056}
  m_Layer: 0
  m_Name: NecromancerLForearm1
  m_TagString: Untagged
  m_Icon: {fileID: 0}
  m_NavMeshLayer: 0
  m_StaticEditorFlags: 0
  m_IsActive: 1
--- !u!1 &100058
GameObject:
  m_ObjectHideFlags: 1
  m_PrefabParentObject: {fileID: 0}
  m_PrefabInternal: {fileID: 100100000}
  serializedVersion: 4
  m_Component:
  - 4: {fileID: 400058}
  m_Layer: 0
  m_Name: NecromancerLLegAnkle
  m_TagString: Untagged
  m_Icon: {fileID: 0}
  m_NavMeshLayer: 0
  m_StaticEditorFlags: 0
  m_IsActive: 1
--- !u!1 &100060
GameObject:
  m_ObjectHideFlags: 0
  m_PrefabParentObject: {fileID: 0}
  m_PrefabInternal: {fileID: 100100000}
  serializedVersion: 4
  m_Component:
  - 4: {fileID: 400060}
  - 95: {fileID: 9500000}
  m_Layer: 0
  m_Name: Necromancer
  m_TagString: Untagged
  m_Icon: {fileID: 0}
  m_NavMeshLayer: 0
  m_StaticEditorFlags: 0
  m_IsActive: 1
--- !u!1 &100062
GameObject:
  m_ObjectHideFlags: 1
  m_PrefabParentObject: {fileID: 0}
  m_PrefabInternal: {fileID: 100100000}
  serializedVersion: 4
  m_Component:
  - 4: {fileID: 400062}
  m_Layer: 0
  m_Name: NecromancerLForearmCollarbone
  m_TagString: Untagged
  m_Icon: {fileID: 0}
  m_NavMeshLayer: 0
  m_StaticEditorFlags: 0
  m_IsActive: 1
--- !u!1 &100064
GameObject:
  m_ObjectHideFlags: 1
  m_PrefabParentObject: {fileID: 0}
  m_PrefabInternal: {fileID: 100100000}
  serializedVersion: 4
  m_Component:
  - 4: {fileID: 400064}
  m_Layer: 0
  m_Name: NecromancerRForearm1
  m_TagString: Untagged
  m_Icon: {fileID: 0}
  m_NavMeshLayer: 0
  m_StaticEditorFlags: 0
  m_IsActive: 1
--- !u!1 &100066
GameObject:
  m_ObjectHideFlags: 1
  m_PrefabParentObject: {fileID: 0}
  m_PrefabInternal: {fileID: 100100000}
  serializedVersion: 4
  m_Component:
  - 4: {fileID: 400066}
  m_Layer: 0
  m_Name: NecromancerLForearmPalm
  m_TagString: Untagged
  m_Icon: {fileID: 0}
  m_NavMeshLayer: 0
  m_StaticEditorFlags: 0
  m_IsActive: 1
--- !u!1 &100068
GameObject:
  m_ObjectHideFlags: 1
  m_PrefabParentObject: {fileID: 0}
  m_PrefabInternal: {fileID: 100100000}
  serializedVersion: 4
  m_Component:
  - 4: {fileID: 400068}
  m_Layer: 0
  m_Name: NecromancerSpineBelly
  m_TagString: Untagged
  m_Icon: {fileID: 0}
  m_NavMeshLayer: 0
  m_StaticEditorFlags: 0
  m_IsActive: 1
--- !u!1 &100070
GameObject:
  m_ObjectHideFlags: 1
  m_PrefabParentObject: {fileID: 0}
  m_PrefabInternal: {fileID: 100100000}
  serializedVersion: 4
  m_Component:
  - 4: {fileID: 400070}
  m_Layer: 0
  m_Name: NecromancerRFinger02
  m_TagString: Untagged
  m_Icon: {fileID: 0}
  m_NavMeshLayer: 0
  m_StaticEditorFlags: 0
  m_IsActive: 1
--- !u!1 &100072
GameObject:
  m_ObjectHideFlags: 1
  m_PrefabParentObject: {fileID: 0}
  m_PrefabInternal: {fileID: 100100000}
  serializedVersion: 4
  m_Component:
  - 4: {fileID: 400072}
  m_Layer: 0
  m_Name: NecromancerLFinger01
  m_TagString: Untagged
  m_Icon: {fileID: 0}
  m_NavMeshLayer: 0
  m_StaticEditorFlags: 0
  m_IsActive: 1
--- !u!1 &100074
GameObject:
  m_ObjectHideFlags: 1
  m_PrefabParentObject: {fileID: 0}
  m_PrefabInternal: {fileID: 100100000}
  serializedVersion: 4
  m_Component:
  - 4: {fileID: 400074}
  m_Layer: 0
  m_Name: NecromancerLForearm2
  m_TagString: Untagged
  m_Icon: {fileID: 0}
  m_NavMeshLayer: 0
  m_StaticEditorFlags: 0
  m_IsActive: 1
--- !u!1 &100076
GameObject:
  m_ObjectHideFlags: 1
  m_PrefabParentObject: {fileID: 0}
  m_PrefabInternal: {fileID: 100100000}
  serializedVersion: 4
  m_Component:
  - 4: {fileID: 400076}
  m_Layer: 0
  m_Name: NecromancerRLegAnkle
  m_TagString: Untagged
  m_Icon: {fileID: 0}
  m_NavMeshLayer: 0
  m_StaticEditorFlags: 0
  m_IsActive: 1
--- !u!1 &100078
GameObject:
  m_ObjectHideFlags: 1
  m_PrefabParentObject: {fileID: 0}
  m_PrefabInternal: {fileID: 100100000}
  serializedVersion: 4
  m_Component:
  - 4: {fileID: 400078}
  m_Layer: 0
  m_Name: NecromancerRForearmPalm
  m_TagString: Untagged
  m_Icon: {fileID: 0}
  m_NavMeshLayer: 0
  m_StaticEditorFlags: 0
  m_IsActive: 1
--- !u!1 &100080
GameObject:
  m_ObjectHideFlags: 0
  m_PrefabParentObject: {fileID: 0}
  m_PrefabInternal: {fileID: 100100000}
  serializedVersion: 4
  m_Component:
  - 4: {fileID: 400080}
  - 65: {fileID: 6500012}
  m_Layer: 0
  m_Name: NecromancerPelvis
  m_TagString: Untagged
  m_Icon: {fileID: 0}
  m_NavMeshLayer: 0
  m_StaticEditorFlags: 0
  m_IsActive: 1
--- !u!1 &100082
GameObject:
  m_ObjectHideFlags: 1
  m_PrefabParentObject: {fileID: 0}
  m_PrefabInternal: {fileID: 100100000}
  serializedVersion: 4
  m_Component:
  - 4: {fileID: 400082}
  - 65: {fileID: 6500014}
  m_Layer: 0
  m_Name: Necromancer5Bone003
  m_TagString: Untagged
  m_Icon: {fileID: 0}
  m_NavMeshLayer: 0
  m_StaticEditorFlags: 0
  m_IsActive: 1
--- !u!1 &100084
GameObject:
  m_ObjectHideFlags: 0
  m_PrefabParentObject: {fileID: 0}
  m_PrefabInternal: {fileID: 100100000}
  serializedVersion: 4
  m_Component:
  - 4: {fileID: 400084}
  m_Layer: 0
  m_Name: NecromancerRLegPlatform
  m_TagString: Untagged
  m_Icon: {fileID: 0}
  m_NavMeshLayer: 0
  m_StaticEditorFlags: 0
  m_IsActive: 1
--- !u!4 &400000
Transform:
  m_ObjectHideFlags: 1
  m_PrefabParentObject: {fileID: 0}
  m_PrefabInternal: {fileID: 100100000}
  m_GameObject: {fileID: 100000}
  m_LocalRotation: {x: -.707106829, y: 0, z: -0, w: .707106829}
  m_LocalPosition: {x: 0, y: 0, z: 0}
  m_LocalScale: {x: 1, y: 1, z: 1}
  m_Children: []
  m_Father: {fileID: 400060}
  m_RootOrder: 7
--- !u!4 &400002
Transform:
  m_ObjectHideFlags: 1
  m_PrefabParentObject: {fileID: 0}
  m_PrefabInternal: {fileID: 100100000}
  m_GameObject: {fileID: 100002}
  m_LocalRotation: {x: -.707106829, y: 0, z: -0, w: .707106829}
  m_LocalPosition: {x: 0, y: 0, z: 0}
  m_LocalScale: {x: 1, y: 1, z: 1}
  m_Children: []
  m_Father: {fileID: 400060}
  m_RootOrder: 4
--- !u!4 &400004
Transform:
  m_ObjectHideFlags: 1
  m_PrefabParentObject: {fileID: 0}
  m_PrefabInternal: {fileID: 100100000}
  m_GameObject: {fileID: 100004}
  m_LocalRotation: {x: -.707106829, y: 0, z: -0, w: .707106829}
  m_LocalPosition: {x: 3.19302089e-05, y: 1.65530264, z: -.0164553821}
  m_LocalScale: {x: 1, y: 1, z: 1}
  m_Children: []
  m_Father: {fileID: 400060}
  m_RootOrder: 1
--- !u!4 &400006
Transform:
  m_ObjectHideFlags: 1
  m_PrefabParentObject: {fileID: 0}
  m_PrefabInternal: {fileID: 100100000}
  m_GameObject: {fileID: 100006}
  m_LocalRotation: {x: 2.79395902e-08, y: 2.32830587e-07, z: -4.470348e-08, w: 1}
  m_LocalPosition: {x: -.0590451024, y: 0, z: 3.81469718e-08}
  m_LocalScale: {x: 1.00000024, y: 1.00000346, z: .999995887}
  m_Children: []
  m_Father: {fileID: 400050}
  m_RootOrder: 0
--- !u!4 &400008
Transform:
  m_ObjectHideFlags: 1
  m_PrefabParentObject: {fileID: 0}
  m_PrefabInternal: {fileID: 100100000}
  m_GameObject: {fileID: 100008}
  m_LocalRotation: {x: 2.60771174e-08, y: -1.11758723e-07, z: -1.49011603e-08, w: 1}
  m_LocalPosition: {x: -.0590451024, y: 0, z: -3.81469718e-08}
  m_LocalScale: {x: .999999881, y: .999996662, z: 1.0000037}
  m_Children: []
  m_Father: {fileID: 400042}
  m_RootOrder: 0
--- !u!4 &400010
Transform:
  m_ObjectHideFlags: 1
  m_PrefabParentObject: {fileID: 0}
  m_PrefabInternal: {fileID: 100100000}
  m_GameObject: {fileID: 100010}
  m_LocalRotation: {x: -.162063897, y: -.0950620472, z: .974425673, w: .123260498}
  m_LocalPosition: {x: -.1503205, y: .0203791466, z: .0878201649}
  m_LocalScale: {x: .775046587, y: .77504015, z: .775043011}
  m_Children: []
  m_Father: {fileID: 400078}
  m_RootOrder: 2
--- !u!4 &400012
Transform:
  m_ObjectHideFlags: 1
  m_PrefabParentObject: {fileID: 0}
  m_PrefabInternal: {fileID: 100100000}
  m_GameObject: {fileID: 100012}
  m_LocalRotation: {x: -.707106769, y: 0, z: -0, w: .707106829}
  m_LocalPosition: {x: -.0001527524, y: 1.05906105, z: .00344213936}
  m_LocalScale: {x: 1, y: 1, z: 1}
  m_Children: []
  m_Father: {fileID: 400060}
  m_RootOrder: 2
--- !u!4 &400014
Transform:
  m_ObjectHideFlags: 1
  m_PrefabParentObject: {fileID: 0}
  m_PrefabInternal: {fileID: 100100000}
  m_GameObject: {fileID: 100014}
  m_LocalRotation: {x: 1.29011724e-13, y: 1.30826381e-08, z: -.0273588393, w: .999625683}
  m_LocalPosition: {x: -.111618347, y: 4.76837148e-09, z: 0}
  m_LocalScale: {x: .999999821, y: .99999994, z: 1}
  m_Children:
  - {fileID: 400062}
  - {fileID: 400036}
  - {fileID: 400016}
  m_Father: {fileID: 400030}
  m_RootOrder: 1
--- !u!4 &400016
Transform:
  m_ObjectHideFlags: 1
  m_PrefabParentObject: {fileID: 0}
  m_PrefabInternal: {fileID: 100100000}
  m_GameObject: {fileID: 100016}
  m_LocalRotation: {x: -2.18198673e-15, y: -3.51504248e-08, z: -.180343941, w: .983603656}
  m_LocalPosition: {x: -0, y: 0, z: 0}
  m_LocalScale: {x: 1, y: 1, z: 1}
  m_Children:
  - {fileID: 400028}
  m_Father: {fileID: 400014}
  m_RootOrder: 2
--- !u!4 &400018
Transform:
  m_ObjectHideFlags: 1
  m_PrefabParentObject: {fileID: 0}
  m_PrefabInternal: {fileID: 100100000}
  m_GameObject: {fileID: 100018}
  m_LocalRotation: {x: -2.39387987e-07, y: -3.85069328e-08, z: -.216438934, w: .976296186}
  m_LocalPosition: {x: -.0965579972, y: .000205345146, z: -.000600509637}
  m_LocalScale: {x: .999999046, y: 1.00000393, z: .999996245}
  m_Children:
  - {fileID: 400070}
  m_Father: {fileID: 400078}
  m_RootOrder: 0
--- !u!4 &400020
Transform:
  m_ObjectHideFlags: 1
  m_PrefabParentObject: {fileID: 0}
  m_PrefabInternal: {fileID: 100100000}
  m_GameObject: {fileID: 100020}
  m_LocalRotation: {x: -.134747818, y: .123676665, z: -.083706677, w: .979561269}
  m_LocalPosition: {x: -.378959417, y: 0, z: 1.90734859e-08}
  m_LocalScale: {x: 1.0000006, y: 1.00000072, z: .999998391}
  m_Children:
  - {fileID: 400078}
  m_Father: {fileID: 400064}
  m_RootOrder: 0
--- !u!4 &400022
Transform:
  m_ObjectHideFlags: 1
  m_PrefabParentObject: {fileID: 0}
  m_PrefabInternal: {fileID: 100100000}
  m_GameObject: {fileID: 100022}
  m_LocalRotation: {x: 4.07045482e-05, y: .0016117607, z: .192384943, w: .981318235}
  m_LocalPosition: {x: -.53052628, y: 3.81469718e-08, z: 3.81469718e-08}
  m_LocalScale: {x: 1.00000036, y: 1.00000024, z: 1.00000012}
  m_Children:
  - {fileID: 400076}
  m_Father: {fileID: 400040}
  m_RootOrder: 0
--- !u!4 &400024
Transform:
  m_ObjectHideFlags: 1
  m_PrefabParentObject: {fileID: 0}
  m_PrefabInternal: {fileID: 100100000}
  m_GameObject: {fileID: 100024}
  m_LocalRotation: {x: .00527086947, y: -.0365954861, z: .00368017191, w: .99930948}
  m_LocalPosition: {x: -.111424714, y: -1.90734859e-08, z: 4.76837148e-09}
  m_LocalScale: {x: 1, y: 1, z: .99999994}
  m_Children:
  - {fileID: 400030}
  m_Father: {fileID: 400034}
  m_RootOrder: 0
--- !u!4 &400026
Transform:
  m_ObjectHideFlags: 1
  m_PrefabParentObject: {fileID: 0}
  m_PrefabInternal: {fileID: 100100000}
  m_GameObject: {fileID: 100026}
  m_LocalRotation: {x: 2.60925475e-07, y: 1.8334238e-07, z: -.300707728, w: .953716338}
  m_LocalPosition: {x: -.0441764072, y: 0, z: 7.62939436e-08}
  m_LocalScale: {x: 1.00000322, y: .999993205, z: 1.00000381}
  m_Children: []
  m_Father: {fileID: 400072}
  m_RootOrder: 0
--- !u!4 &400028
Transform:
  m_ObjectHideFlags: 1
  m_PrefabParentObject: {fileID: 0}
  m_PrefabInternal: {fileID: 100100000}
  m_GameObject: {fileID: 100028}
  m_LocalRotation: {x: -4.80283351e-15, y: 3.51504248e-08, z: .180343941, w: .983603656}
  m_LocalPosition: {x: -.216176912, y: 0, z: 0}
  m_LocalScale: {x: 1, y: 1, z: 1}
  m_Children: []
  m_Father: {fileID: 400016}
  m_RootOrder: 0
--- !u!4 &400030
Transform:
  m_ObjectHideFlags: 1
  m_PrefabParentObject: {fileID: 0}
  m_PrefabInternal: {fileID: 100100000}
  m_GameObject: {fileID: 100030}
  m_LocalRotation: {x: -.00308890222, y: .0181887615, z: -.0459062122, w: .998775363}
  m_LocalPosition: {x: -.111948393, y: -9.53674295e-09, z: 0}
  m_LocalScale: {x: 1, y: .99999994, z: .99999994}
  m_Children:
  - {fileID: 400082}
  - {fileID: 400014}
  m_Father: {fileID: 400024}
  m_RootOrder: 0
--- !u!4 &400032
Transform:
  m_ObjectHideFlags: 1
  m_PrefabParentObject: {fileID: 0}
  m_PrefabInternal: {fileID: 100100000}
  m_GameObject: {fileID: 100032}
  m_LocalRotation: {x: -.080243282, y: .995709121, z: -.00113399338, w: .046077691}
  m_LocalPosition: {x: -0, y: 0, z: .0960357264}
  m_LocalScale: {x: 1.00000012, y: 1, z: .999999821}
  m_Children:
  - {fileID: 400038}
  m_Father: {fileID: 400080}
  m_RootOrder: 0
--- !u!4 &400034
Transform:
  m_ObjectHideFlags: 1
  m_PrefabParentObject: {fileID: 0}
  m_PrefabInternal: {fileID: 100100000}
  m_GameObject: {fileID: 100034}
  m_LocalRotation: {x: -.00310216355, y: .0182741992, z: .0044284584, w: .999818385}
  m_LocalPosition: {x: -.111618266, y: 0, z: -4.54747341e-15}
  m_LocalScale: {x: 1.00000012, y: 1, z: 1}
  m_Children:
  - {fileID: 400024}
  m_Father: {fileID: 400068}
  m_RootOrder: 0
--- !u!4 &400036
Transform:
  m_ObjectHideFlags: 1
  m_PrefabParentObject: {fileID: 0}
  m_PrefabInternal: {fileID: 100100000}
  m_GameObject: {fileID: 100036}
  m_LocalRotation: {x: -5.27557192e-14, y: -.758315384, z: -6.40410441e-14, w: .651887953}
  m_LocalPosition: {x: -0, y: 0, z: -.0480178334}
  m_LocalScale: {x: 1, y: 1, z: 1}
  m_Children:
  - {fileID: 400064}
  m_Father: {fileID: 400014}
  m_RootOrder: 1
--- !u!4 &400038
Transform:
  m_ObjectHideFlags: 1
  m_PrefabParentObject: {fileID: 0}
  m_PrefabInternal: {fileID: 100100000}
  m_GameObject: {fileID: 100038}
  m_LocalRotation: {x: -4.94773558e-05, y: -.00168487593, z: .192443788, w: .981306553}
  m_LocalPosition: {x: -.530526161, y: 6.67572024e-08, z: -3.81469718e-08}
  m_LocalScale: {x: 1.00000048, y: .999999881, z: 1.00000024}
  m_Children:
  - {fileID: 400058}
  m_Father: {fileID: 400032}
  m_RootOrder: 0
--- !u!4 &400040
Transform:
  m_ObjectHideFlags: 1
  m_PrefabParentObject: {fileID: 0}
  m_PrefabInternal: {fileID: 100100000}
  m_GameObject: {fileID: 100040}
  m_LocalRotation: {x: -.080249168, y: .995705366, z: .00114120776, w: -.0461480469}
  m_LocalPosition: {x: -0, y: 0, z: -.096035704}
  m_LocalScale: {x: .999999762, y: 1, z: 1}
  m_Children:
  - {fileID: 400022}
  m_Father: {fileID: 400080}
  m_RootOrder: 1
--- !u!4 &400042
Transform:
  m_ObjectHideFlags: 1
  m_PrefabParentObject: {fileID: 0}
  m_PrefabInternal: {fileID: 100100000}
  m_GameObject: {fileID: 100042}
  m_LocalRotation: {x: -.611930311, y: .150070012, z: -.0659464449, w: .773738563}
  m_LocalPosition: {x: -.0283493027, y: .015585403, z: .0482216999}
  m_LocalScale: {x: .999999464, y: 1.00000429, z: .99999541}
  m_Children:
  - {fileID: 400008}
  m_Father: {fileID: 400078}
  m_RootOrder: 1
--- !u!4 &400044
Transform:
  m_ObjectHideFlags: 1
  m_PrefabParentObject: {fileID: 0}
  m_PrefabInternal: {fileID: 100100000}
  m_GameObject: {fileID: 100044}
  m_LocalRotation: {x: -.707106829, y: 0, z: -0, w: .707106829}
  m_LocalPosition: {x: -.00141887786, y: .108853549, z: .0190551747}
  m_LocalScale: {x: 1, y: 1, z: 1}
  m_Children: []
  m_Father: {fileID: 400060}
  m_RootOrder: 0
--- !u!4 &400046
Transform:
  m_ObjectHideFlags: 1
  m_PrefabParentObject: {fileID: 0}
  m_PrefabInternal: {fileID: 100100000}
  m_GameObject: {fileID: 100046}
  m_LocalRotation: {x: -.707106829, y: 0, z: -0, w: .707106829}
  m_LocalPosition: {x: -.00141887786, y: .108853549, z: .00913726818}
  m_LocalScale: {x: 1, y: 1, z: 1}
  m_Children: []
  m_Father: {fileID: 400060}
  m_RootOrder: 9
--- !u!4 &400048
Transform:
  m_ObjectHideFlags: 1
  m_PrefabParentObject: {fileID: 0}
  m_PrefabInternal: {fileID: 100100000}
  m_GameObject: {fileID: 100048}
  m_LocalRotation: {x: .49999994, y: -.49999994, z: -.50000006, w: .50000006}
  m_LocalPosition: {x: -.192071363, y: 3.89700228e-09, z: .0239195675}
  m_LocalScale: {x: 1, y: 1, z: 1}
  m_Children: []
  m_Father: {fileID: 400060}
  m_RootOrder: 5
--- !u!4 &400050
Transform:
  m_ObjectHideFlags: 1
  m_PrefabParentObject: {fileID: 0}
  m_PrefabInternal: {fileID: 100100000}
  m_GameObject: {fileID: 100050}
  m_LocalRotation: {x: .611931741, y: -.150070116, z: -.0659475178, w: .773737311}
  m_LocalPosition: {x: -.0283493791, y: .015585403, z: -.0482225791}
  m_LocalScale: {x: 1.0000006, y: .999994814, z: 1.00000453}
  m_Children:
  - {fileID: 400006}
  m_Father: {fileID: 400066}
  m_RootOrder: 1
--- !u!4 &400052
Transform:
  m_ObjectHideFlags: 1
  m_PrefabParentObject: {fileID: 0}
  m_PrefabInternal: {fileID: 100100000}
  m_GameObject: {fileID: 100052}
  m_LocalRotation: {x: .50000006, y: -.50000006, z: -.49999997, w: .49999997}
  m_LocalPosition: {x: 0, y: 0, z: 0}
  m_LocalScale: {x: 1, y: 1, z: 1}
  m_Children: []
  m_Father: {fileID: 400060}
  m_RootOrder: 3
--- !u!4 &400054
Transform:
  m_ObjectHideFlags: 1
  m_PrefabParentObject: {fileID: 0}
  m_PrefabInternal: {fileID: 100100000}
  m_GameObject: {fileID: 100054}
  m_LocalRotation: {x: -2.66802631e-15, y: -1.30839757e-08, z: .0273522194, w: .999625862}
  m_LocalPosition: {x: -0, y: 0, z: 0}
  m_LocalScale: {x: 1, y: 1, z: 1}
  m_Children:
  - {fileID: 400068}
  m_Father: {fileID: 400080}
  m_RootOrder: 2
--- !u!4 &400056
Transform:
  m_ObjectHideFlags: 1
  m_PrefabParentObject: {fileID: 0}
  m_PrefabInternal: {fileID: 100100000}
  m_GameObject: {fileID: 100056}
  m_LocalRotation: {x: .360946, y: .505783975, z: -.239915118, w: .745882928}
  m_LocalPosition: {x: -.149167433, y: 0, z: 0}
  m_LocalScale: {x: 1, y: 1.00000048, z: .999999642}
  m_Children:
  - {fileID: 400074}
  m_Father: {fileID: 400062}
  m_RootOrder: 0
--- !u!4 &400058
Transform:
  m_ObjectHideFlags: 1
  m_PrefabParentObject: {fileID: 0}
  m_PrefabInternal: {fileID: 100100000}
  m_GameObject: {fileID: 100058}
  m_LocalRotation: {x: -.025773583, y: .0401557609, z: -.746091187, w: .66413188}
  m_LocalPosition: {x: -.515604317, y: 4.76837148e-09, z: 0}
  m_LocalScale: {x: 1.00000083, y: .999999583, z: 1.00000012}
  m_Children: []
  m_Father: {fileID: 400038}
  m_RootOrder: 0
--- !u!4 &400060
Transform:
  m_ObjectHideFlags: 1
  m_PrefabParentObject: {fileID: 0}
  m_PrefabInternal: {fileID: 100100000}
  m_GameObject: {fileID: 100060}
  m_LocalRotation: {x: .707106829, y: -2.88055402e-09, z: -2.88055402e-09, w: .707106829}
  m_LocalPosition: {x: 0, y: 0, z: 0}
  m_LocalScale: {x: 1, y: 1, z: 1}
  m_Children:
  - {fileID: 400044}
  - {fileID: 400004}
  - {fileID: 400012}
  - {fileID: 400052}
  - {fileID: 400002}
  - {fileID: 400048}
  - {fileID: 400080}
  - {fileID: 400000}
  - {fileID: 400084}
  - {fileID: 400046}
  m_Father: {fileID: 0}
  m_RootOrder: 0
--- !u!4 &400062
Transform:
  m_ObjectHideFlags: 1
  m_PrefabParentObject: {fileID: 0}
  m_PrefabInternal: {fileID: 100100000}
  m_GameObject: {fileID: 100062}
  m_LocalRotation: {x: 1.81725612e-09, y: .758315325, z: -2.11394435e-09, w: .651888013}
  m_LocalPosition: {x: -0, y: 0, z: .0480178334}
  m_LocalScale: {x: 1, y: 1, z: 1}
  m_Children:
  - {fileID: 400056}
  m_Father: {fileID: 400014}
  m_RootOrder: 0
--- !u!4 &400064
Transform:
  m_ObjectHideFlags: 1
  m_PrefabParentObject: {fileID: 0}
  m_PrefabInternal: {fileID: 100100000}
  m_GameObject: {fileID: 100064}
  m_LocalRotation: {x: -.399383157, y: -.494371891, z: -.176784486, w: .751556277}
  m_LocalPosition: {x: -.149167433, y: -4.76837148e-09, z: -1.52587887e-07}
  m_LocalScale: {x: .999999464, y: .99999994, z: 1.00000012}
  m_Children:
  - {fileID: 400020}
  m_Father: {fileID: 400036}
  m_RootOrder: 0
--- !u!4 &400066
Transform:
  m_ObjectHideFlags: 1
  m_PrefabParentObject: {fileID: 0}
  m_PrefabInternal: {fileID: 100100000}
  m_GameObject: {fileID: 100066}
  m_LocalRotation: {x: .261540473, y: -.198542759, z: -.0269396361, w: .944167137}
  m_LocalPosition: {x: -.273501128, y: 0, z: -3.81469718e-08}
  m_LocalScale: {x: 1.00000012, y: .999995589, z: 1.00000417}
  m_Children:
  - {fileID: 400072}
  - {fileID: 400050}
  m_Father: {fileID: 400074}
  m_RootOrder: 0
--- !u!4 &400068
Transform:
  m_ObjectHideFlags: 1
  m_PrefabParentObject: {fileID: 0}
  m_PrefabInternal: {fileID: 100100000}
  m_GameObject: {fileID: 100068}
  m_LocalRotation: {x: -3.70232468e-15, y: -1.80836821e-08, z: .0378041938, w: .999285161}
  m_LocalPosition: {x: -.111618266, y: 0, z: 0}
  m_LocalScale: {x: 1, y: 1, z: 1}
  m_Children:
  - {fileID: 400034}
  m_Father: {fileID: 400054}
  m_RootOrder: 0
--- !u!4 &400070
Transform:
  m_ObjectHideFlags: 1
  m_PrefabParentObject: {fileID: 0}
  m_PrefabInternal: {fileID: 100100000}
  m_GameObject: {fileID: 100070}
  m_LocalRotation: {x: -3.78710638e-07, y: -1.85268263e-07, z: -.300704151, w: .95371747}
  m_LocalPosition: {x: -.0441764072, y: 0, z: 0}
  m_LocalScale: {x: .999997318, y: 1.00000584, z: .999996662}
  m_Children: []
  m_Father: {fileID: 400018}
  m_RootOrder: 0
--- !u!4 &400072
Transform:
  m_ObjectHideFlags: 1
  m_PrefabParentObject: {fileID: 0}
  m_PrefabInternal: {fileID: 100100000}
  m_GameObject: {fileID: 100072}
  m_LocalRotation: {x: 2.68005039e-07, y: 1.84791602e-07, z: -.21644035, w: .976295829}
  m_LocalPosition: {x: -.0965578035, y: .00020568847, z: .000600280764}
  m_LocalScale: {x: 1.00000083, y: .999995172, z: 1.00000358}
  m_Children:
  - {fileID: 400026}
  m_Father: {fileID: 400066}
  m_RootOrder: 0
--- !u!4 &400074
Transform:
  m_ObjectHideFlags: 1
  m_PrefabParentObject: {fileID: 0}
  m_PrefabInternal: {fileID: 100100000}
  m_GameObject: {fileID: 100074}
  m_LocalRotation: {x: .136358649, y: -.12928617, z: -.0179522745, w: .982023001}
  m_LocalPosition: {x: -.366058886, y: 0, z: 0}
  m_LocalScale: {x: .999999523, y: .999998748, z: 1.00000119}
  m_Children:
  - {fileID: 400066}
  m_Father: {fileID: 400056}
  m_RootOrder: 0
--- !u!4 &400076
Transform:
  m_ObjectHideFlags: 1
  m_PrefabParentObject: {fileID: 0}
  m_PrefabInternal: {fileID: 100100000}
  m_GameObject: {fileID: 100076}
  m_LocalRotation: {x: .0255962852, y: -.0403099433, z: -.745891809, w: .66435343}
  m_LocalPosition: {x: -.515604317, y: 7.15255721e-09, z: 0}
  m_LocalScale: {x: 1, y: 1.00000012, z: 1}
  m_Children: []
  m_Father: {fileID: 400022}
  m_RootOrder: 0
--- !u!4 &400078
Transform:
  m_ObjectHideFlags: 1
  m_PrefabParentObject: {fileID: 0}
  m_PrefabInternal: {fileID: 100100000}
  m_GameObject: {fileID: 100078}
  m_LocalRotation: {x: -.256258577, y: .107517816, z: -.0489661284, w: .959361136}
  m_LocalPosition: {x: -.261174679, y: -3.81469718e-08, z: 0}
  m_LocalScale: {x: 1.00000083, y: 1.00000453, z: .999996841}
  m_Children:
  - {fileID: 400018}
  - {fileID: 400042}
  - {fileID: 400010}
  m_Father: {fileID: 400020}
  m_RootOrder: 0
--- !u!4 &400080
Transform:
  m_ObjectHideFlags: 1
  m_PrefabParentObject: {fileID: 0}
  m_PrefabInternal: {fileID: 100100000}
  m_GameObject: {fileID: 100080}
  m_LocalRotation: {x: .49999994, y: -.49999994, z: -.50000006, w: .50000006}
  m_LocalPosition: {x: 1.04560682e-09, y: 1.05143666, z: -.0079091927}
  m_LocalScale: {x: 1, y: 1, z: 1}
  m_Children:
  - {fileID: 400032}
  - {fileID: 400040}
  - {fileID: 400054}
  m_Father: {fileID: 400060}
  m_RootOrder: 6
--- !u!4 &400082
Transform:
  m_ObjectHideFlags: 1
  m_PrefabParentObject: {fileID: 0}
  m_PrefabInternal: {fileID: 100100000}
  m_GameObject: {fileID: 100082}
  m_LocalRotation: {x: -.00265093381, y: .00556455692, z: .0732072815, w: .997297764}
  m_LocalPosition: {x: -.210162789, y: -.165773705, z: .000139855896}
  m_LocalScale: {x: 1.00000012, y: .999999821, z: .99999994}
  m_Children: []
  m_Father: {fileID: 400030}
  m_RootOrder: 0
--- !u!4 &400084
Transform:
  m_ObjectHideFlags: 1
  m_PrefabParentObject: {fileID: 0}
  m_PrefabInternal: {fileID: 100100000}
  m_GameObject: {fileID: 100084}
  m_LocalRotation: {x: .49999994, y: -.49999994, z: -.50000006, w: .50000006}
  m_LocalPosition: {x: .192071363, y: 3.89699206e-09, z: .0239196252}
  m_LocalScale: {x: 1, y: 1, z: 1}
  m_Children: []
  m_Father: {fileID: 400060}
  m_RootOrder: 8
--- !u!23 &2300000
Renderer:
  m_ObjectHideFlags: 1
  m_PrefabParentObject: {fileID: 0}
  m_PrefabInternal: {fileID: 100100000}
  m_GameObject: {fileID: 100010}
  m_Enabled: 1
  m_CastShadows: 1
  m_ReceiveShadows: 1
  m_LightmapIndex: 255
  m_LightmapTilingOffset: {x: 1, y: 1, z: 0, w: 0}
  m_Materials:
  - {fileID: 2100000, guid: 4544136b25f90944a9c5b883eb620ffb, type: 2}
  m_SubsetIndices: 
  m_StaticBatchRoot: {fileID: 0}
  m_UseLightProbes: 0
  m_LightProbeAnchor: {fileID: 0}
  m_ScaleInLightmap: 1
  m_SortingLayerID: 0
  m_SortingOrder: 0
--- !u!33 &3300000
MeshFilter:
  m_ObjectHideFlags: 1
  m_PrefabParentObject: {fileID: 0}
  m_PrefabInternal: {fileID: 100100000}
  m_GameObject: {fileID: 100010}
  m_Mesh: {fileID: 4300000, guid: 8cd694e251269344f81cda73cecb8d87, type: 3}
--- !u!65 &6500000
BoxCollider:
  m_ObjectHideFlags: 1
  m_PrefabParentObject: {fileID: 0}
  m_PrefabInternal: {fileID: 100100000}
  m_GameObject: {fileID: 100014}
  m_Material: {fileID: 0}
  m_IsTrigger: 0
  m_Enabled: 1
  serializedVersion: 2
  m_Size: {x: .200000003, y: .310000002, z: .239999995}
  m_Center: {x: -.0500000007, y: -.0199999996, z: 0}
--- !u!65 &6500002
BoxCollider:
  m_ObjectHideFlags: 1
  m_PrefabParentObject: {fileID: 0}
  m_PrefabInternal: {fileID: 100100000}
  m_GameObject: {fileID: 100022}
  m_Material: {fileID: 0}
  m_IsTrigger: 0
  m_Enabled: 0
  serializedVersion: 2
  m_Size: {x: .519999981, y: .200000003, z: .200000003}
  m_Center: {x: -.230000004, y: 0, z: 0}
--- !u!65 &6500004
BoxCollider:
  m_ObjectHideFlags: 1
  m_PrefabParentObject: {fileID: 0}
  m_PrefabInternal: {fileID: 100100000}
  m_GameObject: {fileID: 100030}
  m_Material: {fileID: 0}
  m_IsTrigger: 0
  m_Enabled: 1
  serializedVersion: 2
  m_Size: {x: .200000003, y: .150000006, z: .239999995}
  m_Center: {x: 0, y: .0299999993, z: 0}
--- !u!65 &6500006
BoxCollider:
  m_ObjectHideFlags: 1
  m_PrefabParentObject: {fileID: 0}
  m_PrefabInternal: {fileID: 100100000}
  m_GameObject: {fileID: 100032}
  m_Material: {fileID: 0}
  m_IsTrigger: 0
  m_Enabled: 0
  serializedVersion: 2
  m_Size: {x: .310000002, y: .100000001, z: .100000001}
  m_Center: {x: -.379999995, y: 0, z: 0}
--- !u!65 &6500008
BoxCollider:
  m_ObjectHideFlags: 1
  m_PrefabParentObject: {fileID: 0}
  m_PrefabInternal: {fileID: 100100000}
  m_GameObject: {fileID: 100038}
  m_Material: {fileID: 0}
  m_IsTrigger: 0
  m_Enabled: 0
  serializedVersion: 2
  m_Size: {x: .519999981, y: .200000003, z: .200000003}
  m_Center: {x: -.230000004, y: 0, z: 0}
--- !u!65 &6500010
BoxCollider:
  m_ObjectHideFlags: 1
  m_PrefabParentObject: {fileID: 0}
  m_PrefabInternal: {fileID: 100100000}
  m_GameObject: {fileID: 100040}
  m_Material: {fileID: 0}
  m_IsTrigger: 0
  m_Enabled: 0
  serializedVersion: 2
  m_Size: {x: .349999994, y: .100000001, z: .100000001}
  m_Center: {x: -.389999986, y: 0, z: 0}
--- !u!65 &6500012
BoxCollider:
  m_ObjectHideFlags: 1
  m_PrefabParentObject: {fileID: 0}
  m_PrefabInternal: {fileID: 100100000}
  m_GameObject: {fileID: 100080}
  m_Material: {fileID: 0}
  m_IsTrigger: 0
  m_Enabled: 1
  serializedVersion: 2
  m_Size: {x: .140000001, y: .230000004, z: .409999996}
  m_Center: {x: .0700000003, y: 0, z: 0}
--- !u!65 &6500014
BoxCollider:
  m_ObjectHideFlags: 1
  m_PrefabParentObject: {fileID: 0}
  m_PrefabInternal: {fileID: 100100000}
  m_GameObject: {fileID: 100082}
  m_Material: {fileID: 0}
  m_IsTrigger: 0
  m_Enabled: 1
  serializedVersion: 2
  m_Size: {x: .430000007, y: .0799999982, z: .600000024}
  m_Center: {x: 0, y: 0, z: 0}
--- !u!95 &9500000
Animator:
  serializedVersion: 3
  m_ObjectHideFlags: 1
  m_PrefabParentObject: {fileID: 0}
  m_PrefabInternal: {fileID: 100100000}
  m_GameObject: {fileID: 100060}
  m_Enabled: 1
  m_Avatar: {fileID: 9000000, guid: eb53109f36fa858419e6d2251d08087a, type: 3}
  m_Controller: {fileID: 9100000, guid: 74f8fe3eeb74a714a9da7ed026964f1c, type: 2}
  m_CullingMode: 1
  m_UpdateMode: 0
  m_ApplyRootMotion: 1
  m_HasTransformHierarchy: 1
--- !u!136 &13600000
CapsuleCollider:
  m_ObjectHideFlags: 1
  m_PrefabParentObject: {fileID: 0}
  m_PrefabInternal: {fileID: 100100000}
  m_GameObject: {fileID: 100022}
  m_Material: {fileID: 0}
  m_IsTrigger: 0
  m_Enabled: 1
  m_Radius: .129999995
  m_Height: .649999976
  m_Direction: 0
  m_Center: {x: -.230000004, y: 0, z: 0}
--- !u!136 &13600002
CapsuleCollider:
  m_ObjectHideFlags: 1
  m_PrefabParentObject: {fileID: 0}
  m_PrefabInternal: {fileID: 100100000}
  m_GameObject: {fileID: 100032}
  m_Material: {fileID: 0}
  m_IsTrigger: 0
  m_Enabled: 1
  m_Radius: .0700000003
  m_Height: .430000007
  m_Direction: 0
  m_Center: {x: -.349999994, y: 0, z: 0}
--- !u!136 &13600004
CapsuleCollider:
  m_ObjectHideFlags: 1
  m_PrefabParentObject: {fileID: 0}
  m_PrefabInternal: {fileID: 100100000}
  m_GameObject: {fileID: 100038}
  m_Material: {fileID: 0}
  m_IsTrigger: 0
  m_Enabled: 1
  m_Radius: .129999995
  m_Height: .649999976
  m_Direction: 0
  m_Center: {x: -.230000004, y: 0, z: 0}
--- !u!136 &13600006
CapsuleCollider:
  m_ObjectHideFlags: 1
  m_PrefabParentObject: {fileID: 0}
  m_PrefabInternal: {fileID: 100100000}
  m_GameObject: {fileID: 100040}
  m_Material: {fileID: 0}
  m_IsTrigger: 0
  m_Enabled: 1
  m_Radius: .0700000003
  m_Height: .430000007
  m_Direction: 0
  m_Center: {x: -.349999994, y: 0, z: 0}
--- !u!137 &13700000
SkinnedMeshRenderer:
  m_ObjectHideFlags: 1
  m_PrefabParentObject: {fileID: 0}
  m_PrefabInternal: {fileID: 100100000}
  m_GameObject: {fileID: 100004}
  m_Enabled: 1
  m_CastShadows: 1
  m_ReceiveShadows: 1
  m_LightmapIndex: 255
  m_LightmapTilingOffset: {x: 1, y: 1, z: 0, w: 0}
  m_Materials:
  - {fileID: 2100000, guid: 4544136b25f90944a9c5b883eb620ffb, type: 2}
  m_SubsetIndices: 
  m_StaticBatchRoot: {fileID: 0}
  m_UseLightProbes: 0
  m_LightProbeAnchor: {fileID: 0}
  m_ScaleInLightmap: 1
  m_SortingLayerID: 0
  m_SortingOrder: 0
  serializedVersion: 2
  m_Quality: 0
  m_UpdateWhenOffscreen: 0
  m_Mesh: {fileID: 4300008, guid: eb53109f36fa858419e6d2251d08087a, type: 3}
  m_Bones:
  - {fileID: 400030}
  - {fileID: 400024}
  - {fileID: 400034}
  - {fileID: 400080}
  - {fileID: 400032}
  - {fileID: 400040}
  - {fileID: 400038}
  - {fileID: 400022}
  - {fileID: 400016}
  - {fileID: 400068}
  m_BlendShapeWeights: []
  m_RootBone: {fileID: 400080}
  m_AABB:
    m_Center: {x: .199886918, y: .05351758, z: -5.63561916e-05}
    m_Extent: {x: 1.06919968, y: .565740049, z: .298177987}
  m_DirtyAABB: 0
--- !u!137 &13700002
SkinnedMeshRenderer:
  m_ObjectHideFlags: 1
  m_PrefabParentObject: {fileID: 0}
  m_PrefabInternal: {fileID: 100100000}
  m_GameObject: {fileID: 100012}
  m_Enabled: 0
  m_CastShadows: 1
  m_ReceiveShadows: 1
  m_LightmapIndex: 255
  m_LightmapTilingOffset: {x: 1, y: 1, z: 0, w: 0}
  m_Materials:
  - {fileID: 2100000, guid: 6b0128a2e518ab34fadd9fcd8482393c, type: 2}
  m_SubsetIndices: 
  m_StaticBatchRoot: {fileID: 0}
  m_UseLightProbes: 0
  m_LightProbeAnchor: {fileID: 0}
  m_ScaleInLightmap: 1
  m_SortingLayerID: 0
  m_SortingOrder: 0
  serializedVersion: 2
  m_Quality: 0
  m_UpdateWhenOffscreen: 0
  m_Mesh: {fileID: 4300006, guid: eb53109f36fa858419e6d2251d08087a, type: 3}
  m_Bones:
  - {fileID: 400040}
  - {fileID: 400022}
  - {fileID: 400076}
  - {fileID: 400032}
  - {fileID: 400038}
  - {fileID: 400058}
  m_BlendShapeWeights: []
  m_RootBone: {fileID: 400032}
  m_AABB:
    m_Center: {x: -.528778672, y: -.114261925, z: .190372616}
    m_Extent: {x: .559133291, y: .209033787, z: .260611683}
  m_DirtyAABB: 0
--- !u!137 &13700004
SkinnedMeshRenderer:
  m_ObjectHideFlags: 1
  m_PrefabParentObject: {fileID: 0}
  m_PrefabInternal: {fileID: 100100000}
  m_GameObject: {fileID: 100044}
  m_Enabled: 1
  m_CastShadows: 1
  m_ReceiveShadows: 1
  m_LightmapIndex: 255
  m_LightmapTilingOffset: {x: 1, y: 1, z: 0, w: 0}
  m_Materials:
  - {fileID: 2100000, guid: 6b0128a2e518ab34fadd9fcd8482393c, type: 2}
  m_SubsetIndices: 
  m_StaticBatchRoot: {fileID: 0}
  m_UseLightProbes: 0
  m_LightProbeAnchor: {fileID: 0}
  m_ScaleInLightmap: 1
  m_SortingLayerID: 0
  m_SortingOrder: 0
  serializedVersion: 2
  m_Quality: 0
  m_UpdateWhenOffscreen: 0
  m_Mesh: {fileID: 4300000, guid: eb53109f36fa858419e6d2251d08087a, type: 3}
  m_Bones:
  - {fileID: 400030}
  - {fileID: 400014}
  - {fileID: 400056}
  - {fileID: 400028}
  - {fileID: 400024}
  - {fileID: 400034}
  - {fileID: 400068}
  - {fileID: 400080}
  - {fileID: 400054}
  - {fileID: 400032}
  - {fileID: 400040}
  - {fileID: 400074}
  - {fileID: 400066}
  - {fileID: 400006}
  - {fileID: 400050}
  - {fileID: 400072}
  - {fileID: 400026}
  - {fileID: 400064}
  - {fileID: 400020}
  - {fileID: 400078}
  - {fileID: 400042}
  - {fileID: 400008}
  - {fileID: 400018}
  - {fileID: 400070}
  - {fileID: 400016}
  m_BlendShapeWeights: []
  m_RootBone: {fileID: 400080}
  m_AABB:
    m_Center: {x: -.327346265, y: -.0241972357, z: -.0117322206}
    m_Extent: {x: .585762799, y: .239435002, z: .517241716}
  m_DirtyAABB: 0
--- !u!137 &13700006
SkinnedMeshRenderer:
  m_ObjectHideFlags: 1
  m_PrefabParentObject: {fileID: 0}
  m_PrefabInternal: {fileID: 100100000}
  m_GameObject: {fileID: 100046}
  m_Enabled: 1
  m_CastShadows: 1
  m_ReceiveShadows: 1
  m_LightmapIndex: 255
  m_LightmapTilingOffset: {x: 1, y: 1, z: 0, w: 0}
  m_Materials:
  - {fileID: 2100000, guid: 6b0128a2e518ab34fadd9fcd8482393c, type: 2}
  m_SubsetIndices: 
  m_StaticBatchRoot: {fileID: 0}
  m_UseLightProbes: 0
  m_LightProbeAnchor: {fileID: 0}
  m_ScaleInLightmap: 1
  m_SortingLayerID: 0
  m_SortingOrder: 0
  serializedVersion: 2
  m_Quality: 0
  m_UpdateWhenOffscreen: 0
  m_Mesh: {fileID: 4300002, guid: eb53109f36fa858419e6d2251d08087a, type: 3}
  m_Bones:
  - {fileID: 400040}
  - {fileID: 400080}
  - {fileID: 400022}
  - {fileID: 400076}
  - {fileID: 400032}
  - {fileID: 400038}
  - {fileID: 400058}
  m_BlendShapeWeights: []
  m_RootBone: {fileID: 400080}
  m_AABB:
    m_Center: {x: .510205328, y: .0187707245, z: .0146329403}
    m_Extent: {x: .593889415, y: .423824519, z: .497920096}
  m_DirtyAABB: 0
--- !u!163 &16300000
SkinnedCloth:
  m_ObjectHideFlags: 1
  m_PrefabParentObject: {fileID: 0}
  m_PrefabInternal: {fileID: 100100000}
  m_GameObject: {fileID: 100046}
  m_Enabled: 1
  m_BendingStiffness: .540000021
  m_StretchingStiffness: .389999986
  m_Damping: 0
  m_Thickness: .200000003
  m_UseGravity: 1
  m_SelfCollision: 0
  m_ExternalAcceleration: {x: 0, y: 0, z: 0}
  m_RandomAcceleration: {x: 0, y: 0, z: 0}
  m_WorldVelocityScale: .5
  m_WorldAccelerationScale: 1
  m_Coefficients:
  - maxDistance: 0
    maxDistanceBias: 0
    collisionSphereRadius: .5
    collisionSphereDistance: 0
  - maxDistance: .0500000007
    maxDistanceBias: 0
    collisionSphereRadius: .5
    collisionSphereDistance: 0
  - maxDistance: 0
    maxDistanceBias: 0
    collisionSphereRadius: .5
    collisionSphereDistance: 0
  - maxDistance: 0
    maxDistanceBias: 0
    collisionSphereRadius: .5
    collisionSphereDistance: 0
  - maxDistance: 0
    maxDistanceBias: 0
    collisionSphereRadius: .5
    collisionSphereDistance: 0
  - maxDistance: .0500000007
    maxDistanceBias: 0
    collisionSphereRadius: .5
    collisionSphereDistance: 0
  - maxDistance: 0
    maxDistanceBias: 0
    collisionSphereRadius: .5
    collisionSphereDistance: 0
  - maxDistance: .0500000007
    maxDistanceBias: 0
    collisionSphereRadius: .5
    collisionSphereDistance: 0
  - maxDistance: .0500000007
    maxDistanceBias: 0
    collisionSphereRadius: .5
    collisionSphereDistance: 0
  - maxDistance: 0
    maxDistanceBias: 0
    collisionSphereRadius: .5
    collisionSphereDistance: 0
  - maxDistance: .0500000007
    maxDistanceBias: 0
    collisionSphereRadius: .5
    collisionSphereDistance: 0
  - maxDistance: 0
    maxDistanceBias: 0
    collisionSphereRadius: .5
    collisionSphereDistance: 0
  - maxDistance: 0
    maxDistanceBias: 0
    collisionSphereRadius: .5
    collisionSphereDistance: 0
  - maxDistance: .0500000007
    maxDistanceBias: 0
    collisionSphereRadius: .5
    collisionSphereDistance: 0
  - maxDistance: 0
    maxDistanceBias: 0
    collisionSphereRadius: .5
    collisionSphereDistance: 0
  - maxDistance: .0500000007
    maxDistanceBias: 0
    collisionSphereRadius: .5
    collisionSphereDistance: 0
  - maxDistance: 0
    maxDistanceBias: 0
    collisionSphereRadius: .5
    collisionSphereDistance: 0
  - maxDistance: 0
    maxDistanceBias: 0
    collisionSphereRadius: .5
    collisionSphereDistance: 0
  - maxDistance: 0
    maxDistanceBias: 0
    collisionSphereRadius: .5
    collisionSphereDistance: 0
  - maxDistance: .0500000007
    maxDistanceBias: 0
    collisionSphereRadius: .5
    collisionSphereDistance: 0
  - maxDistance: .300000012
    maxDistanceBias: 0
    collisionSphereRadius: .5
    collisionSphereDistance: 0
  - maxDistance: .300000012
    maxDistanceBias: 0
    collisionSphereRadius: .5
    collisionSphereDistance: 0
  - maxDistance: 0
    maxDistanceBias: 0
    collisionSphereRadius: .5
    collisionSphereDistance: 0
  - maxDistance: .300000012
    maxDistanceBias: 0
    collisionSphereRadius: .5
    collisionSphereDistance: 0
  - maxDistance: .300000012
    maxDistanceBias: 0
    collisionSphereRadius: .5
    collisionSphereDistance: 0
  - maxDistance: .300000012
    maxDistanceBias: 0
    collisionSphereRadius: .5
    collisionSphereDistance: 0
  - maxDistance: .0500000007
    maxDistanceBias: 0
    collisionSphereRadius: .5
    collisionSphereDistance: 0
  - maxDistance: .0500000007
    maxDistanceBias: 0
    collisionSphereRadius: .5
    collisionSphereDistance: 0
  - maxDistance: .0500000007
    maxDistanceBias: 0
    collisionSphereRadius: .5
    collisionSphereDistance: 0
  - maxDistance: .0500000007
    maxDistanceBias: 0
    collisionSphereRadius: .5
    collisionSphereDistance: 0
  - maxDistance: .200000003
    maxDistanceBias: 0
    collisionSphereRadius: .5
    collisionSphereDistance: 0
  - maxDistance: 0
    maxDistanceBias: 0
    collisionSphereRadius: .5
    collisionSphereDistance: 0
  - maxDistance: 0
    maxDistanceBias: 0
    collisionSphereRadius: .5
    collisionSphereDistance: 0
  - maxDistance: .300000012
    maxDistanceBias: 0
    collisionSphereRadius: .5
    collisionSphereDistance: 0
  - maxDistance: 0
    maxDistanceBias: 0
    collisionSphereRadius: .5
    collisionSphereDistance: 0
  - maxDistance: .300000012
    maxDistanceBias: 0
    collisionSphereRadius: .5
    collisionSphereDistance: 0
  - maxDistance: 0
    maxDistanceBias: 0
    collisionSphereRadius: .5
    collisionSphereDistance: 0
  - maxDistance: 0
    maxDistanceBias: 0
    collisionSphereRadius: .5
    collisionSphereDistance: 0
  - maxDistance: .0500000007
    maxDistanceBias: 0
    collisionSphereRadius: .5
    collisionSphereDistance: 0
  - maxDistance: 0
    maxDistanceBias: 0
    collisionSphereRadius: .5
    collisionSphereDistance: 0
  - maxDistance: .0500000007
    maxDistanceBias: 0
    collisionSphereRadius: .5
    collisionSphereDistance: 0
  - maxDistance: 0
    maxDistanceBias: 0
    collisionSphereRadius: .5
    collisionSphereDistance: 0
  - maxDistance: 0
    maxDistanceBias: 0
    collisionSphereRadius: .5
    collisionSphereDistance: 0
  - maxDistance: .0500000007
    maxDistanceBias: 0
    collisionSphereRadius: .5
    collisionSphereDistance: 0
  - maxDistance: 0
    maxDistanceBias: 0
    collisionSphereRadius: .5
    collisionSphereDistance: 0
  - maxDistance: 0
    maxDistanceBias: 0
    collisionSphereRadius: .5
    collisionSphereDistance: 0
  - maxDistance: 0
    maxDistanceBias: 0
    collisionSphereRadius: .5
    collisionSphereDistance: 0
  - maxDistance: .0500000007
    maxDistanceBias: 0
    collisionSphereRadius: .5
    collisionSphereDistance: 0
  - maxDistance: 0
    maxDistanceBias: 0
    collisionSphereRadius: .5
    collisionSphereDistance: 0
  - maxDistance: .200000003
    maxDistanceBias: 0
    collisionSphereRadius: .5
    collisionSphereDistance: 0
  - maxDistance: 0
    maxDistanceBias: 0
    collisionSphereRadius: .5
    collisionSphereDistance: 0
  - maxDistance: .0500000007
    maxDistanceBias: 0
    collisionSphereRadius: .5
    collisionSphereDistance: 0
  - maxDistance: .0500000007
    maxDistanceBias: 0
    collisionSphereRadius: .5
    collisionSphereDistance: 0
  - maxDistance: .0500000007
    maxDistanceBias: 0
    collisionSphereRadius: .5
    collisionSphereDistance: 0
  - maxDistance: .0500000007
    maxDistanceBias: 0
    collisionSphereRadius: .5
    collisionSphereDistance: 0
  - maxDistance: .300000012
    maxDistanceBias: 0
    collisionSphereRadius: .5
    collisionSphereDistance: 0
  - maxDistance: .300000012
    maxDistanceBias: 0
    collisionSphereRadius: .5
    collisionSphereDistance: 0
  - maxDistance: .0500000007
    maxDistanceBias: 0
    collisionSphereRadius: .5
    collisionSphereDistance: 0
  - maxDistance: .0500000007
    maxDistanceBias: 0
    collisionSphereRadius: .5
    collisionSphereDistance: 0
  - maxDistance: .0500000007
    maxDistanceBias: 0
    collisionSphereRadius: .5
    collisionSphereDistance: 0
  - maxDistance: .0500000007
    maxDistanceBias: 0
    collisionSphereRadius: .5
    collisionSphereDistance: 0
  - maxDistance: .300000012
    maxDistanceBias: 0
    collisionSphereRadius: .5
    collisionSphereDistance: 0
  - maxDistance: .300000012
    maxDistanceBias: 0
    collisionSphereRadius: .5
    collisionSphereDistance: 0
  - maxDistance: .300000012
    maxDistanceBias: 0
    collisionSphereRadius: .5
    collisionSphereDistance: 0
  - maxDistance: .300000012
    maxDistanceBias: 0
    collisionSphereRadius: .5
    collisionSphereDistance: 0
  - maxDistance: .300000012
    maxDistanceBias: 0
    collisionSphereRadius: .5
    collisionSphereDistance: 0
  - maxDistance: .300000012
    maxDistanceBias: 0
    collisionSphereRadius: .5
    collisionSphereDistance: 0
  - maxDistance: .300000012
    maxDistanceBias: 0
    collisionSphereRadius: .5
    collisionSphereDistance: 0
  - maxDistance: .300000012
    maxDistanceBias: 0
    collisionSphereRadius: .5
    collisionSphereDistance: 0
  - maxDistance: .300000012
    maxDistanceBias: 0
    collisionSphereRadius: .5
    collisionSphereDistance: 0
  - maxDistance: .300000012
    maxDistanceBias: 0
    collisionSphereRadius: .5
    collisionSphereDistance: 0
  - maxDistance: .0500000007
    maxDistanceBias: 0
    collisionSphereRadius: .5
    collisionSphereDistance: 0
  - maxDistance: .0500000007
    maxDistanceBias: 0
    collisionSphereRadius: .5
    collisionSphereDistance: 0
  - maxDistance: .0500000007
    maxDistanceBias: 0
    collisionSphereRadius: .5
    collisionSphereDistance: 0
  - maxDistance: .0500000007
    maxDistanceBias: 0
    collisionSphereRadius: .5
    collisionSphereDistance: 0
  - maxDistance: .0500000007
    maxDistanceBias: 0
    collisionSphereRadius: .5
    collisionSphereDistance: 0
  - maxDistance: .300000012
    maxDistanceBias: 0
    collisionSphereRadius: .5
    collisionSphereDistance: 0
  - maxDistance: .300000012
    maxDistanceBias: 0
    collisionSphereRadius: .5
    collisionSphereDistance: 0
  - maxDistance: .0500000007
    maxDistanceBias: 0
    collisionSphereRadius: .5
    collisionSphereDistance: 0
  - maxDistance: .0500000007
    maxDistanceBias: 0
    collisionSphereRadius: .5
    collisionSphereDistance: 0
  - maxDistance: .0500000007
    maxDistanceBias: 0
    collisionSphereRadius: .5
    collisionSphereDistance: 0
  - maxDistance: .0500000007
    maxDistanceBias: 0
    collisionSphereRadius: .5
    collisionSphereDistance: 0
  - maxDistance: .0500000007
    maxDistanceBias: 0
    collisionSphereRadius: .5
    collisionSphereDistance: 0
  - maxDistance: .300000012
    maxDistanceBias: 0
    collisionSphereRadius: .5
    collisionSphereDistance: 0
  - maxDistance: .300000012
    maxDistanceBias: 0
    collisionSphereRadius: .5
    collisionSphereDistance: 0
  - maxDistance: .300000012
    maxDistanceBias: 0
    collisionSphereRadius: .5
    collisionSphereDistance: 0
  - maxDistance: .300000012
    maxDistanceBias: 0
    collisionSphereRadius: .5
    collisionSphereDistance: 0
  - maxDistance: .300000012
    maxDistanceBias: 0
    collisionSphereRadius: .5
    collisionSphereDistance: 0
  - maxDistance: .300000012
    maxDistanceBias: 0
    collisionSphereRadius: .5
    collisionSphereDistance: 0
  - maxDistance: .300000012
    maxDistanceBias: 0
    collisionSphereRadius: .5
    collisionSphereDistance: 0
  - maxDistance: .300000012
    maxDistanceBias: 0
    collisionSphereRadius: .5
    collisionSphereDistance: 0
  - maxDistance: .300000012
    maxDistanceBias: 0
    collisionSphereRadius: .5
    collisionSphereDistance: 0
  - maxDistance: .300000012
    maxDistanceBias: 0
    collisionSphereRadius: .5
    collisionSphereDistance: 0
  - maxDistance: .0500000007
    maxDistanceBias: 0
    collisionSphereRadius: .5
    collisionSphereDistance: 0
  - maxDistance: .0500000007
    maxDistanceBias: 0
    collisionSphereRadius: .5
    collisionSphereDistance: 0
  - maxDistance: .0500000007
    maxDistanceBias: 0
    collisionSphereRadius: .5
    collisionSphereDistance: 0
  - maxDistance: .0500000007
    maxDistanceBias: 0
    collisionSphereRadius: .5
    collisionSphereDistance: 0
  - maxDistance: .0500000007
    maxDistanceBias: 0
    collisionSphereRadius: .5
    collisionSphereDistance: 0
  - maxDistance: .300000012
    maxDistanceBias: 0
    collisionSphereRadius: .5
    collisionSphereDistance: 0
  - maxDistance: .300000012
    maxDistanceBias: 0
    collisionSphereRadius: .5
    collisionSphereDistance: 0
  - maxDistance: .300000012
    maxDistanceBias: 0
    collisionSphereRadius: .5
    collisionSphereDistance: 0
  - maxDistance: .300000012
    maxDistanceBias: 0
    collisionSphereRadius: .5
    collisionSphereDistance: 0
  - maxDistance: .300000012
    maxDistanceBias: 0
    collisionSphereRadius: .5
    collisionSphereDistance: 0
  - maxDistance: .300000012
    maxDistanceBias: 0
    collisionSphereRadius: .5
    collisionSphereDistance: 0
  - maxDistance: .300000012
    maxDistanceBias: 0
    collisionSphereRadius: .5
    collisionSphereDistance: 0
  - maxDistance: .300000012
    maxDistanceBias: 0
    collisionSphereRadius: .5
    collisionSphereDistance: 0
  - maxDistance: .300000012
    maxDistanceBias: 0
    collisionSphereRadius: .5
    collisionSphereDistance: 0
  - maxDistance: .300000012
    maxDistanceBias: 0
    collisionSphereRadius: .5
    collisionSphereDistance: 0
  - maxDistance: .300000012
    maxDistanceBias: 0
    collisionSphereRadius: .5
    collisionSphereDistance: 0
  - maxDistance: .300000012
    maxDistanceBias: 0
    collisionSphereRadius: .5
    collisionSphereDistance: 0
  - maxDistance: .300000012
    maxDistanceBias: 0
    collisionSphereRadius: .5
    collisionSphereDistance: 0
  - maxDistance: .300000012
    maxDistanceBias: 0
    collisionSphereRadius: .5
    collisionSphereDistance: 0
  - maxDistance: .300000012
    maxDistanceBias: 0
    collisionSphereRadius: .5
    collisionSphereDistance: 0
  - maxDistance: .300000012
    maxDistanceBias: 0
    collisionSphereRadius: .5
    collisionSphereDistance: 0
  - maxDistance: .300000012
    maxDistanceBias: 0
    collisionSphereRadius: .5
    collisionSphereDistance: 0
  - maxDistance: .0500000007
    maxDistanceBias: 0
    collisionSphereRadius: .5
    collisionSphereDistance: 0
  - maxDistance: .0500000007
    maxDistanceBias: 0
    collisionSphereRadius: .5
    collisionSphereDistance: 0
  - maxDistance: .0500000007
    maxDistanceBias: 0
    collisionSphereRadius: .5
    collisionSphereDistance: 0
  - maxDistance: .0500000007
    maxDistanceBias: 0
    collisionSphereRadius: .5
    collisionSphereDistance: 0
  - maxDistance: .0500000007
    maxDistanceBias: 0
    collisionSphereRadius: .5
    collisionSphereDistance: 0
  - maxDistance: .0500000007
    maxDistanceBias: 0
    collisionSphereRadius: .5
    collisionSphereDistance: 0
  - maxDistance: .0500000007
    maxDistanceBias: 0
    collisionSphereRadius: .5
    collisionSphereDistance: 0
  - maxDistance: .0500000007
    maxDistanceBias: 0
    collisionSphereRadius: .5
    collisionSphereDistance: 0
  - maxDistance: .0500000007
    maxDistanceBias: 0
    collisionSphereRadius: .5
    collisionSphereDistance: 0
  - maxDistance: .0500000007
    maxDistanceBias: 0
    collisionSphereRadius: .5
    collisionSphereDistance: 0
  - maxDistance: .0500000007
    maxDistanceBias: 0
    collisionSphereRadius: .5
    collisionSphereDistance: 0
  - maxDistance: .0500000007
    maxDistanceBias: 0
    collisionSphereRadius: .5
    collisionSphereDistance: 0
  - maxDistance: .0500000007
    maxDistanceBias: 0
    collisionSphereRadius: .5
    collisionSphereDistance: 0
  - maxDistance: .0500000007
    maxDistanceBias: 0
    collisionSphereRadius: .5
    collisionSphereDistance: 0
  - maxDistance: .0500000007
    maxDistanceBias: 0
    collisionSphereRadius: .5
    collisionSphereDistance: 0
  - maxDistance: .0500000007
    maxDistanceBias: 0
    collisionSphereRadius: .5
    collisionSphereDistance: 0
  - maxDistance: .0500000007
    maxDistanceBias: 0
    collisionSphereRadius: .5
    collisionSphereDistance: 0
  - maxDistance: .0500000007
    maxDistanceBias: 0
    collisionSphereRadius: .5
    collisionSphereDistance: 0
  - maxDistance: .0500000007
    maxDistanceBias: 0
    collisionSphereRadius: .5
    collisionSphereDistance: 0
  - maxDistance: .0500000007
    maxDistanceBias: 0
    collisionSphereRadius: .5
    collisionSphereDistance: 0
--- !u!1001 &100100000
Prefab:
  m_ObjectHideFlags: 1
  serializedVersion: 2
  m_Modification:
    m_TransformParent: {fileID: 0}
    m_Modifications: []
    m_RemovedComponents: []
  m_ParentPrefab: {fileID: 0}
  m_RootGameObject: {fileID: 100060}
  m_IsPrefabParent: 1
  m_IsExploded: 1
